@article{selsam2018learning,
  title={Learning a SAT Solver from Single-Bit Supervision},
  author={Selsam, Daniel and Lamm, Matthew and Bunz, Benedikt and Liang, Percy and de Moura, Leonardo and Dill, David L},
  journal={arXiv preprint arXiv:1802.03685},
  year={2018}
}

@article{Davis:1962:MPT:368273.368557,
 author = {Davis, Martin and Logemann, George and Loveland, Donald},
 title = {A Machine Program for Theorem-proving},
 journal = {Commun. ACM},
 issue_date = {July 1962},
 volume = {5},
 number = {7},
 month = jul,
 year = {1962},
 issn = {0001-0782},
 pages = {394--397},
 numpages = {4},
 url = {http://doi.acm.org/10.1145/368273.368557},
 doi = {10.1145/368273.368557},
 acmid = {368557},
 publisher = {ACM},
 address = {New York, NY, USA},
}

@incollection{tseitin1983complexity,
  title={On the complexity of derivation in propositional calculus},
  author={Tseitin, Grigori S},
  booktitle={Automation of reasoning},
  pages={466--483},
  year={1983},
  publisher={Springer}
}

@incollection{DBLP:series/faia/SilvaLM09,
  author    = {Jo{\~{a}}o P. Marques Silva and
               In{\^{e}}s Lynce and
               Sharad Malik},
  editor    = {Armin Biere and
               Marijn Heule and
               Hans van Maaren and
               Toby Walsh},
  title     = {Conflict-Driven Clause Learning {SAT} Solvers},
  booktitle = {Handbook of Satisfiability},
  series    = {Frontiers in Artificial Intelligence and Applications},
  volume    = {185},
  pages     = {131--153},
  publisher = {{IOS} Press},
  year      = {2009},
  url       = {https://doi.org/10.3233/978-1-58603-929-5-131},
  doi       = {10.3233/978-1-58603-929-5-131},
  timestamp = {Fri, 09 Jun 2017 11:04:28 +0200},
  biburl    = {https://dblp.org/rec/bib/series/faia/SilvaLM09},
  bibsource = {dblp computer science bibliography, https://dblp.org}
}

@inproceedings{DBLP:conf/lpar/NieuwenhuisOT04,
  author    = {Robert Nieuwenhuis and
               Albert Oliveras and
               Cesare Tinelli},
  editor    = {Franz Baader and
               Andrei Voronkov},
  title     = {Abstract {DPLL} and Abstract {DPLL} Modulo Theories},
  booktitle = {Logic for Programming, Artificial Intelligence, and Reasoning, 11th
               International Conference, {LPAR} 2004, Montevideo, Uruguay, March
               14-18, 2005, Proceedings},
  series    = {Lecture Notes in Computer Science},
  volume    = {3452},
  pages     = {36--50},
  publisher = {Springer},
  year      = {2004},
  url       = {https://doi.org/10.1007/978-3-540-32275-7\_3},
  doi       = {10.1007/978-3-540-32275-7\_3},
  timestamp = {Thu, 15 Jun 2017 21:45:05 +0200},
  biburl    = {https://dblp.org/rec/bib/conf/lpar/NieuwenhuisOT04},
  bibsource = {dblp computer science bibliography, https://dblp.org}
}

@inproceedings{DBLP:conf/ppdp/DanvyN01,
  author    = {Olivier Danvy and
               Lasse R. Nielsen},
  title     = {Defunctionalization at Work},
  booktitle = {Proceedings of the 3rd international {ACM} {SIGPLAN} conference on
               Principles and practice of declarative programming, September 5-7,
               2001, Florence, Italy},
  pages     = {162--174},
  publisher = {{ACM}},
  year      = {2001},
  url       = {https://doi.org/10.1145/773184.773202},
  doi       = {10.1145/773184.773202},
  timestamp = {Tue, 06 Nov 2018 16:57:25 +0100},
  biburl    = {https://dblp.org/rec/bib/conf/ppdp/DanvyN01},
  bibsource = {dblp computer science bibliography, https://dblp.org}
}
